<?xml version="1.0" encoding="UTF-8"?><collection xmlns="http://www.loc.gov/MARC21/slim"><record><leader>00301nam--2200109-i-4500</leader><controlfield tag="001">000000264</controlfield><controlfield tag="002">20161230</controlfield><controlfield tag="005">20161230201023</controlfield><controlfield tag="008">060222s1000------------r-----000-0-eng-d</controlfield><datafield ind1=" " ind2=" " tag="245"><subfield code="a">Fuel element fabrication with special emphasis on cladding materials</subfield></datafield><datafield ind1=" " ind2=" " tag="260"><subfield code="a">London, Academic Press.538 P</subfield></datafield><datafield ind1=" " ind2=" " tag="852"><subfield code="a">16642</subfield></datafield></record></collection>